<?xml version="1.0" encoding="UTF-8"?><collection xmlns="http://www.loc.gov/MARC21/slim"><record><leader>00564nam--2200181-i-4500</leader><controlfield tag="001">000035758</controlfield><controlfield tag="002">20161230</controlfield><controlfield tag="005">20161230201040</controlfield><controlfield tag="008">060222s1000------------r-----000-0-eng-d</controlfield><datafield ind1=" " ind2=" " tag="040"><subfield code="a">IFIN-HH</subfield></datafield><datafield ind1=" " ind2=" " tag="080"><subfield code="a">539.126.34(047.1)</subfield></datafield><datafield ind1="1" ind2=" " tag="100"><subfield code="a">Nenciu, G</subfield></datafield><datafield ind1="1" ind2="0" tag="245"><subfield code="a">Optimal information for the pion from factor from analllyticity and experimental data</subfield><subfield code="c">G.nenciu, i.raszillier, w.schmidt, h.schneider</subfield></datafield><datafield ind1=" " ind2=" " tag="260"><subfield code="a">Karlsruhe</subfield><subfield code="b">Kernforschungszentrum</subfield><subfield code="c">/F.An</subfield></datafield><datafield ind1=" " ind2=" " tag="300"><subfield code="a">28P.+ 8 FIG</subfield></datafield><datafield ind1="1" ind2=" " tag="700"><subfield code="a">Schneider, H</subfield></datafield><datafield ind1=" " ind2=" " tag="852"><subfield code="a">39382</subfield><subfield code="c">539.12</subfield></datafield><datafield ind1=" " ind2=" " tag="CAT"><subfield code="a">Sys</subfield><subfield code="c">20111123</subfield><subfield code="h">121430</subfield></datafield></record></collection>